@article{flores2017protocolo,
  title     = {El protocolo de investigaci{\'o}n VI: c{\'o}mo elegir la prueba estad{\'\i}stica adecuada. Estad{\'\i}stica inferencial},
  author    = {Flores-Ruiz, Eric and Miranda-Novales, Mar{\'\i}a Guadalupe and Villas{\'\i}s-Keever, Miguel {\'A}ngel},
  journal   = {Revista Alergia M{\'e}xico},
  volume    = {64},
  number    = {3},
  pages     = {364--370},
  year      = {2017},
  publisher = {Colegio Mexicano de Inmunolog{\'\i}a Cl{\'\i}nica y Alergia AC}
}

@article{seoane2007capitulo,
  title     = {Cap{\'\i}tulo 7: estad{\'\i}stica: estad{\'\i}stica descriptiva y estad{\'\i}stica inferencial},
  author    = {Seoane, Teresa and Mart{\'\i}n, Jos{\'e} Luis Rodr{\'\i}guez and Mart{\'\i}n-S{\'a}nchez, E and Lurue{\~n}a-Segovia, S and Moreno, FJ Alonso},
  journal   = {SEMERGEN-Medicina de familia},
  volume    = {33},
  number    = {9},
  pages     = {466--471},
  year      = {2007},
  publisher = {Elsevier Doyma}
}

@article{candia2005intervalos,
  title     = {Intervalos de confianza},
  author    = {Candia, Roberto and Caiozzi, Gianella},
  journal   = {Revista m{\'e}dica de Chile},
  volume    = {133},
  number    = {9},
  pages     = {1111--1115},
  year      = {2005},
  publisher = {SciELO Chile}
}

@article{lilia2015poblacion,
  title     = {Poblaci{\'o}n y muestra},
  author    = {Lilia, Carrillo Flores Ana},
  year      = {2015},
  publisher = {Plantel Texcoco de la Escuela Preparatoria}
}

@book{key,
  author    = {Triola M.},
  publisher = {Pearson},
  title     = {Estadística (9° edición)},
  year      = {2004}
}

@misc{valorcritico_2021,
  howpublished = {\url{https://support.minitab.com/es-mx/minitab/20/help-and-how-to/statistics/basic-statistics/supporting-topics/basics/what-is-a-critical-value/}},
  author       = {Minitab},
  title        = {¿Qué es un valor crítico?},
  year         = {2021}
}

@misc{errores_2021,
  howpublished = {\url{https://support.minitab.com/es-mx/minitab/20/help-and-how-to/statistics/basic-statistics/supporting-topics/basics/type-i-and-type-ii-error/}},
  title        = {¿Qué son los errores de tipo 1 y tipo 2?},
  author       = {Minitab},
  year         = {2021}
}

‌

‌